<?xml version="1.0" encoding="UTF-8"?><collection xmlns="http://www.loc.gov/MARC21/slim"><record><leader>00515nam--2200193-u-4500</leader><controlfield tag="001">000055931</controlfield><controlfield tag="002">20161230</controlfield><controlfield tag="005">20161230201052</controlfield><controlfield tag="008">130826s1000------------r-----000-0-rus-d</controlfield><datafield ind1=" " ind2=" " tag="040"><subfield code="a">IFIN-HH</subfield></datafield><datafield ind1=" " ind2=" " tag="041"><subfield code="a">rus</subfield></datafield><datafield ind1=" " ind2=" " tag="080"><subfield code="a">531.5:523.1</subfield></datafield><datafield ind1="1" ind2=" " tag="100"><subfield code="a">Ivanenko, D</subfield></datafield><datafield ind1="1" ind2="0" tag="245"><subfield code="a">Kvantovaia gravitatia i topologia</subfield><subfield code="b">Sbornik statei</subfield><subfield code="c">D. ivanenko (red.)</subfield></datafield><datafield ind1=" " ind2=" " tag="260"><subfield code="a">Moskva</subfield><subfield code="b">Mir</subfield><subfield code="c">1973</subfield></datafield><datafield ind1=" " ind2=" " tag="300"><subfield code="a">213P</subfield></datafield><datafield ind1=" " ind2=" " tag="490"><subfield code="a">Novosti Fundamentalnoi Fiziki</subfield><subfield code="v">Vipusk 2</subfield></datafield><datafield ind1=" " ind2=" " tag="852"><subfield code="a">40879</subfield><subfield code="c">521/522</subfield></datafield><datafield ind1=" " ind2=" " tag="CAT"><subfield code="a">Sys</subfield><subfield code="c">20130826</subfield><subfield code="h">152425</subfield></datafield></record></collection>